<?xml version="1.0" encoding="UTF-8"?><record xmlns="http://www.loc.gov/MARC21/slim" xmlns:cinclude="http://apache.org/cocoon/include/1.0" xmlns:zs="http://www.loc.gov/zing/srw/">
  <leader>00630nz  a2200145n  4500</leader>
  <controlfield tag="001">no2006071052</controlfield>
  <controlfield tag="003">DLC</controlfield>
  <controlfield tag="005">20060712051818.0</controlfield>
  <controlfield tag="008">060703n| acannaabn          |n aaa     c</controlfield>
  <datafield tag="010" ind1=" " ind2=" ">
    <subfield code="a">no2006071052</subfield>
  </datafield>
  <datafield tag="035" ind1=" " ind2=" ">
    <subfield code="a">(OCoLC)oca06990570</subfield>
  </datafield>
  <datafield tag="040" ind1=" " ind2=" ">
    <subfield code="a">ItFiC</subfield>
    <subfield code="b">eng</subfield>
    <subfield code="c">ItFiC</subfield>
  </datafield>
  <datafield tag="100" ind1="1" ind2=" ">
    <subfield code="a">Renna, Luigi,</subfield>
    <subfield code="d">1966-</subfield>
  </datafield>
  <datafield tag="670" ind1=" " ind2=" ">
    <subfield code="a">La sacra spina di Andria, c2005:</subfield>
    <subfield code="b">t.p. (Luigi Renna) front flap (don Luigi Renna; "segretario della Commissione diocesiana della sacra spina di Andria e docente di teologia morale presso la FacoltaĚ teologica pugliese")</subfield>
  </datafield>
  <datafield tag="670" ind1=" " ind2=" ">
    <subfield code="a">E-mail from Biblioteca diocesana di Andria "San Tommaso D'Aquino," July 03, 2006:</subfield>
    <subfield code="b">(b. 1966)</subfield>
  </datafield>
</record>